@article{IJCAI07,
  title={Symmetry Breaking in Quantified Boolean Formulae.},
  author={Audemard, Gilles and Jabbour, Sa{\"\i}d and Sa{\"\i}s, Lakhdar and others},
  booktitle={IJCAI},
  pages={2262--2267},
  year={2007},
  url={http://www.aaai.org/Papers/IJCAI/2007/IJCAI07-364.pdf}
}

@article{TC06,
  title={Efficient symmetry breaking for boolean satisfiability},
  author={Aloul, Fadi A and Sakallah, Karem A and Markov, Igor L},
  journal={Computers, IEEE Transactions on},
  volume={55},
  number={5},
  pages={549--558},
  year={2006},
  publisher={IEEE},
  url={http://vlsicad.eecs.umich.edu/~imarkov/pubs/jour/tc06-sym.pdf}
}

@article{ARMS02,
  title={Solving difficult SAT instances in the presence of symmetry},
  author={Aloul, Fadi A and Ramani, Arathi and Markov, Igor L and Sakallah, Karem A},
  booktitle={Proceedings of the 39th annual Design Automation Conference},
  pages={731--736},
  year={2002},
  organization={ACM},
  url={http://pdf.aminer.org/000/131/333/solving_difficult_sat_instances_in_the_presence_of_symmetry.pdf}
}

@article{TCAD03,
  title={Solving difficult instances of boolean satisfiability in the presence of symmetry},
  author={Aloul, Fadi A and Ramani, Arathi and Markov, Igor L and Sakallah, Karem A},
  journal={Computer-Aided Design of Integrated Circuits and Systems, IEEE Transactions on},
  volume={22},
  number={9},
  pages={1117--1137},
  year={2003},
  publisher={IEEE},
  url={http://web.eecs.umich.edu/~imarkov/pubs/jour/tcad03-sym.pdf}
}

@article{ASPDAC04,
  title={ShatterPB: symmetry-breaking for pseudo-Boolean formulas},
  author={Aloul, Fadi A and Ramani, Arathi and Markov, Igor L and Sakallah, Karem A},
  booktitle={Proceedings of the 2004 Asia and South Pacific Design Automation Conference},
  pages={883--886},
  year={2004},
  organization={IEEE Press},
  url={http://web.eecs.umich.edu/~imarkov/pubs/conf/aspdac04-ilpsym.pdf}
}

@article{CBB00,
  title={Mapping and Visualizing the Internet.},
  author={Cheswick, Bill and Burch, Hal and Branigan, Steve},
  booktitle={USENIX Annual Technical Conference, General Track},
  pages={1--12},
  year={2000},
  organization={Citeseer},
  url={http://citeseerx.ist.psu.edu/viewdoc/download?doi=10.1.1.20.8595&rep=rep1&type=pdf}
}

@article{CGLR96,
  title={Generating effective symmetry-breaking predicates for search problems},
  author={Shlyakhter, Ilya},
  journal={Electronic Notes in Discrete Mathematics},
  volume={9},
  pages={19--35},
  year={2001},
  publisher={North-Holland},
  url={http://ix.cs.uoregon.edu/~luks/symmetrybreaking.pdf}
}

@article{JJPS06,
  title={Symmetry definitions for constraint satisfaction problems},
  author={Cohen, David and Jeavons, Peter and Jefferson, Christopher and Petrie, Karen E and Smith, Barbara M},
  booktitle={Principles and Practice of Constraint Programming-CP 2005},
  pages={17--31},
  year={2005},
  publisher={Springer},
  url={http://www.crt.umontreal.ca/~pesant/Constraints/Papers/CohenJJPS06.pdf}
}

@article{CRA92,
  title={A theoretical analysis of reasoning by symmetry in first-order logic},
  author={Crawford, James},
  booktitle={AAAI Workshop on Tractable Reasoning},
  year={1992},
  organization={Citeseer},
  url={http://citeseerx.ist.psu.edu/viewdoc/download?doi=10.1.1.51.4039&rep=rep1&type=pdf}
}

@article{DSLM04,
  title={Exploiting structure in symmetry detection for CNF},
  author={Darga, Paul T and Liffiton, Mark H and Sakallah, Karem A and Markov, Igor L},
  booktitle={Proceedings of the 41st annual Design Automation Conference},
  pages={530--534},
  year={2004},
  organization={ACM},
  url={http://web.eecs.umich.edu/~pdarga/pub/auto/saucy-dac04.pdf}
}

@article{DAC08,
  title={Faster symmetry discovery using sparsity of symmetries},
  author={Darga, Paul T and Sakallah, Karem A and Markov, Igor L},
  booktitle={Proceedings of the 45th annual Design Automation Conference},
  pages={149--154},
  year={2008},
  organization={ACM},
  url={http://web.eecs.umich.edu/~imarkov/pubs/conf/dac08-sym.pdf}
}

@article{GT00,
  title={Heuristics for Internet map discovery},
  author={Govindan, Ramesh and Tangmunarunkit, Hongsuda},
  booktitle={INFOCOM 2000. Nineteenth Annual Joint Conference of the IEEE Computer and Communications Societies. Proceedings. IEEE},
  volume={3},
  pages={1371--1380},
  year={2000},
  organization={IEEE},
  url={http://www.isi.edu/div7/oneil/publication_files/heuristics.pdf}
}