Using symmetry breaking in quantified boolean formulae. 8 cites.
@inproceedings{audemard2007symmetry,
  title={Symmetry Breaking in Quantified Boolean Formulae},
  author={Audemard, Gilles and Jabbour, Sa{\"\i}d and Sa{\"\i}s, Lakhdar and others},
  booktitle={IJCAI},
  pages={2262--2267},
  year={2007},
  url={http://www.aaai.org/Papers/IJCAI/2007/IJCAI07-364.pdf}
}

On the efficient implementation of adding symmetry breaking predicates. 84 cites.
@article{aloul2006efficient,
  title={Efficient symmetry breaking for boolean satisfiability},
  author={Aloul, Fadi A and Sakallah, Karem A and Markov, Igor L},
  journal={Computers, IEEE Transactions on},
  volume={55},
  number={5},
  pages={549--558},
  year={2006},
  publisher={IEEE},
  url={http://vlsicad.eecs.umich.edu/~imarkov/pubs/jour/tc06-sym.pdf}
}

With applications to VLSI and FPGA routing. And some empirical evaluations. 96 cites.
@inproceedings{aloul2002solving,
  title={Solving difficult SAT instances in the presence of symmetry},
  author={Aloul, Fadi A and Ramani, Arathi and Markov, Igor L and Sakallah, Karem A},
  booktitle={Proceedings of the 39th annual Design Automation Conference},
  pages={731--736},
  year={2002},
  organization={ACM},
  url={http://pdf.aminer.org/000/131/333/solving_difficult_sat_instances_in_the_presence_of_symmetry.pdf}
}

About automated symmetry extranction, early results were reported in 'aloul2002solving'. 103 cites.
@article{aloul2003solving,
  title={Solving difficult instances of boolean satisfiability in the presence of symmetry},
  author={Aloul, Fadi A and Ramani, Arathi and Markov, Igor L and Sakallah, Karem A},
  journal={Computer-Aided Design of Integrated Circuits and Systems, IEEE Transactions on},
  volume={22},
  number={9},
  pages={1117--1137},
  year={2003},
  publisher={IEEE},
  url={http://web.eecs.umich.edu/~imarkov/pubs/jour/tcad03-sym.pdf}
}

Breaking symmetry in Integer Linear Programming problems, used in circuit design and verification. 34 cites.
@inproceedings{aloul2004shatterpb,
  title={ShatterPB: symmetry-breaking for pseudo-Boolean formulas},
  author={Aloul, Fadi A and Ramani, Arathi and Markov, Igor L and Sakallah, Karem A},
  booktitle={Proceedings of the 2004 Asia and South Pacific Design Automation Conference},
  pages={883--886},
  year={2004},
  organization={IEEE Press},
  url={http://web.eecs.umich.edu/~imarkov/pubs/conf/aspdac04-ilpsym.pdf}
}

About generating and testing symmetry-breaking predicates. 27 cites.
@article{shlyakhter2007generating,
  title={Generating effective symmetry-breaking predicates for search problems},
  author={Shlyakhter, Ilya},
  journal={Electronic Notes in Discrete Mathematics},
  volume={9},
  pages={19--35},
  year={2001},
  publisher={North-Holland},
  url={http://ix.cs.uoregon.edu/~luks/symmetrybreaking.pdf}
}

Constraint Satisfaction Problems as solution symmetry or constraint symmetry. 64 cites.
@incollection{cohen2005symmetry,
  title={Symmetry definitions for constraint satisfaction problems},
  author={Cohen, David and Jeavons, Peter and Jefferson, Christopher and Petrie, Karen E and Smith, Barbara M},
  booktitle={Principles and Practice of Constraint Programming-CP 2005},
  pages={17--31},
  year={2005},
  publisher={Springer},
  url={http://www.crt.umontreal.ca/~pesant/Constraints/Papers/CohenJJPS06.pdf}
}

Computational complexity of the symmetry detection problem and the graph isomorphism prolem. 72 cites.
@inproceedings{crawford1992theoretical,
  title={A theoretical analysis of reasoning by symmetry in first-order logic},
  author={Crawford, James},
  booktitle={AAAI Workshop on Tractable Reasoning},
  year={1992},
  organization={Citeseer},
  url={http://citeseerx.ist.psu.edu/viewdoc/download?doi=10.1.1.51.4039&rep=rep1&type=pdf}
}

Faster symmetry-detection in EDA problems. 110 cites.
@inproceedings{darga2004exploiting,
  title={Exploiting structure in symmetry detection for CNF},
  author={Darga, Paul T and Liffiton, Mark H and Sakallah, Karem A and Markov, Igor L},
  booktitle={Proceedings of the 41st annual Design Automation Conference},
  pages={530--534},
  year={2004},
  organization={ACM},
  url={http://web.eecs.umich.edu/~pdarga/pub/auto/saucy-dac04.pdf}
}

Avoiding quadratic runtime on large graphs. 49 cites.
@inproceedings{darga2008faster,
  title={Faster symmetry discovery using sparsity of symmetries},
  author={Darga, Paul T and Sakallah, Karem A and Markov, Igor L},
  booktitle={Proceedings of the 45th annual Design Automation Conference},
  pages={149--154},
  year={2008},
  organization={ACM},
  url={http://web.eecs.umich.edu/~imarkov/pubs/conf/dac08-sym.pdf}
}

An overview of recent symmetry breaking algorithms (2009). Also some empirical evaluation. 10 cites.
@article{sakallah2009symmetry,
  title={Symmetry and Satisfiability.},
  author={Sakallah, Karem A},
  journal={Handbook of Satisfiability},
  volume={185},
  pages={289--338},
  year={2009},
  url={http://web.eecs.umich.edu/~imarkov/pubs/conf/sat10-sym.pdf}
}

A comparison between dynamic an static symmetry breaking, with empirical evaluations. Also proposes an own algorithm. 1 cite.
@inproceedings{narodytska2011dynamic,
  title={Dynamic versus static value symmetry breaking},
  author={Narodytska, Nina and Walsh, Toby},
  booktitle={11th International Workshop on Symmetry in Constraint Satisfaction Problems, SymCon},
  volume={11},
  year={2011},
  url={http://www.cse.unsw.edu.au/~ninan/nw.pdf}
}

An investigation into local symmetry breaking and a proposed and implemented algorithm. 1 cite.
@inproceedings{benhamou2010dynamic,
  title={Dynamic symmetry breaking in the satisfiability problem},
  author={Benhamou, Bela{\i}d and Nabhani, Tarek and Ostrowski, Richard and Sa{\i}di, Mohamed R{\'e}da},
  booktitle={Proceedings of the 16th international conference on Logic for Programming, Artificial intelligence, and Reasoning, ser. LPAR-16, Dakar, Senegal},
  year={2010},
  url={http://tarek.nabhani.free.fr/Personnel_Free/Publications_files/Dynamic%20symmetry%20breaking%20in%20the%20satisfiability%20problem.pdf}
}

Conflict-Driven Clause Learning (CDCL) combined with symmetry. 7 cites.
@inproceedings{benhamou2010enhancing,
  title={Enhancing clause learning by symmetry in SAT solvers},
  author={Benhamou, Belaid and Nabhani, Tarek and Ostrowski, Richard and Saidi, Mohamed Reda},
  booktitle={Tools with Artificial Intelligence (ICTAI), 2010 22nd IEEE International Conference on},
  volume={1},
  pages={329--335},
  year={2010},
  organization={IEEE},
  url={http://tarek.nabhani.free.fr/Personnel_Free/Publications_files/Enhancing%20clause%20learning%20by%20symmetry%20in%20SAT%20solvers.pdf}
}

Overview of value symmetry breaking (in constraint satisfaction problems (CSP)).  30 cites.
@incollection{walsh2007breaking,
  title={Breaking value symmetry},
  author={Walsh, Toby},
  booktitle={Principles and Practice of Constraint Programming--CP 2007},
  pages={880--887},
  year={2007},
  publisher={Springer}
}

Paper proposes general methods for dealing with symmetry in constraint optimization problems. 3 cites.
@article{walsh7symmetry,
  title={Symmetry in constraint optimization},
  author={Walsh, Toby},
  journal={Proceedings of the CP},
  volume={7},
  pages={85--89}
}

Paper is about the relationship between CSP and SAT. 253 cites.
@incollection{walsh2000sat,
  title={Sat v csp},
  author={Walsh, Toby},
  booktitle={Principles and Practice of Constraint Programming--CP 2000},
  pages={441--456},
  year={2000},
  publisher={Springer}
}

Paper is about an algorithm that breaks all symmetries in any constraint satisfaction or similar problem. 72 cites.
@inproceedings{roney2004tractable,
  title={Tractable symmetry breaking using restricted search trees},
  author={Roney-Dougal, Colva M and Gent, Ian P and Kelsey, Tom and Linton, Steve},
  booktitle={ECAI},
  volume={16},
  pages={211},
  year={2004}
}

Symmemtry propagation as a method for dynamic symmetry breaking. 0 cites.
@inproceedings{devriendt2012symmetry,
  title={Symmetry propagation: Improved dynamic symmetry breaking in SAT},
  author={Devriendt, Jo and Bogaerts, Bart and Cat, Broes de and Denecker, Marc and Mears, Christopher},
  booktitle={Tools with Artificial Intelligence (ICTAI), 2012 IEEE 24th International Conference on},
  volume={1},
  pages={49--56},
  year={2012},
  organization={IEEE},
  url={https://lirias.kuleuven.be/bitstream/123456789/357024/3/bare_conf.pdf}
}

Overview of the current (in 2010) state of symmetry and satisfiability. 10 cites.
@incollection{katebi2010symmetry,
  title={Symmetry and satisfiability: An update},
  author={Katebi, Hadi and Sakallah, Karem A and Markov, Igor L},
  booktitle={Theory and Applications of Satisfiability Testing--SAT 2010},
  pages={113--127},
  year={2010},
  publisher={Springer}
}

Dynamic symmetry breaking application (ref'd in book). 13 cites
@inproceedings{sabharwal2005symchaff,
  title={SymChaff: A structure-aware satisfiability solver},
  author={Sabharwal, Ashish},
  booktitle={AAAI},
  volume={5},
  pages={467--474},
  year={2005}
}

SAT competition 2013
https://helda.helsinki.fi/handle/10138/40026
